@online{WhatIsDjVu,
	author	= {DjVu.org},
	title	= {What is DjVu, and what are the secrets behind DjVu's superior performance?},
	year	= {},
	url	= {http://djvu.org/resources/whatisdjvu.php},
	language	= {english},
}

@online{DjVuLicensing,
	author	= {Leon Bottou and Yann LeCun and Bill C. Riemers and Jeffery Triggs},
	title	= {DjVu Licensing},
	year	= {},
	url	= {http://djvu.sourceforge.net/licensing.html},
	language	= {english},
}

@online{DjVuOpenSourceLicensing,
	author	= {LizardTech~Inc.},
	title	= {LizardTech's Statement on DjVu Open Source Licensing},
	year	= {2001},
	url	= {http://djvu.sourceforge.net/lti-licensing.html},
	language	= {english},
}

@online{DjVuResources,
	author	= {DjVu.org},
	title	= {DjVu Downloads \& Resources},
	year	= {},
	url	= {http://djvu.org/resources/},
	language	= {english},
}

@online{WikisourceDjVuFiles,
	author	= {Wikisource},
	title	= {Help:DjVu files},
	url	= {https://en.wikisource.org/wiki/Help:DjVu_files},
	language	= {english},
}

@online{WikisourceDjVuVsPDF,
	author	= {Wikisource},
	title	= {DjVu vs. PDF},
	url	= {https://en.wikisource.org/wiki/Wikisource:DjVu_vs._PDF},
	language	= {english},
}

@online{UDCPDFvsDjVu,
	author	= {Jesse Tokar},
	title	= {PDF vs. DjVu. Pros y contras},
	url	= {https://www.print-driver.com/stories/pdf-vs-djvu},
}

@online{WikimediaCreatingDjVu,
	author	= {Wikimedia Commons},
	title	= {Creating a DjVu file},
	url	= {https://commons.wikimedia.org/wiki/Help:Creating_a_DjVu_file},
	language	= {english},
}

@online{ScanAndShare2008,
	author	= {Vladimir T.T.},
	translator	= {A. and Armando},
	title	= {Tutorial para escanear y compartir 1.07},
	year	= {2008},
	url	= {https://es.slideshare.net/janeko/como-crear-unebookescaneadodecalidad},
	language	= {spanish},
	origlanguage	= {russian},
}

@online{rutrackertwdragon,
	author	= {twdragon},
	title	= {Creación de libros electrónicos a partir de escaneos: ¿cómo obtener DjVu o PDF de un libro de papel?},
	year	= {2009},
	url	= {https://rutracker.org/forum/viewtopic.php?t=2160930},
	language	= {russian},
}

@online{HowToMakeDjVu,
	author	= {\mondaytwothousand},
	title	= {Cómo hacer un libro de DjVu},
	year	= {2008},
	url	= {http://www.djvu-soft.narod.ru/scan/123.htm},
	language	= {russian},
}

@online{ALinuxGuideToBookScanning,
	author	= {Nate Craun},
	title	= {A Linux Guide to Book Scanning},
	year	= {2013},
	url	= {https://natecraun.net/articles/linux-guide-to-book-scanning.html},
	language	= {english},
}

@article{LIBRITOS,
	author	= {Daniel Stender},
	title	= {Herramientas para producción de e-books LIBRITOS},
	journaltitle	= {Linux-Magazine.es},
	year	= {2010},
	url	= {https://www.scribd.com/document/67098359/070-073-CreaciondeEbooksLM66},
	language	= {spanish},
}

@online{CCDvsCIS,
	author	= {Kevin Vaughan},
	title	= {Compare CCD vs CIS Scanner Technologies},
	year	= {2019},
	url	= {https://www.tavco.net/wide-format-plotter-scanner-blog/bid/107329/compare-ccd-vs-cis-scanner-technologies},
	language	= {english},
}

@online{WikipediaImageScanner,
	author	= {Wikipedia},
	title	= {Image scanner},
	url	= {https://en.wikipedia.org/wiki/Image_scanner},
	language	= {english},
}

@online{WikipediaHalftone,
	author	= {Wikipedia},
	title	= {Semitono},
	url	= {https://es.wikipedia.org/wiki/Semitono_(impresi%C3%B3n)},
	language	= {spanish},
}

@online{ScanTips,
	author	= {Wayne Fulton},
	title	= {A few scanning tips},
	year	= {2019},
	url	= {https://www.scantips.com/},
	language	= {english},
}

@online{ScanTailorWiki,
	author	= {Tulon},
	title	= {Scan Tailor project's Wiki},
	year	= {2014},
	url	= {https://github.com/scantailor/scantailor/wiki},
	language	= {english},
}

@online{WikipediaVariableDeEntorno,
	author	= {Wikipedia},
	title	= {Variable de entorno},
	url	= {https://es.wikipedia.org/wiki/Variable_de_entorno},
	language	= {spanish},
}

@article{SuperUserEnvironment,
	author	= {slhck},
	title	= {What are PATH and other environment variables, and how can I set or use them?},
	year	= {2011},
	journaltitle	= {Stack Exchange},
	url	= {https://superuser.com/questions/284342/what-are-path-and-other-environment-variables-and-how-can-i-set-or-use-them},
	language	= {english},
}

@online{WikipediaPageOrientation,
	author	= {Wikipedia},
	title	= {Page orientation},
	url	= {https://en.wikipedia.org/wiki/Page_orientation},
	language	= {english},
}

@online{WikipediaPDFA,
	author	= {Wikipedia},
	title	= {PDF/A},
	url	= {https://es.wikipedia.org/wiki/PDF/A},
	language	= {spanish},
}

@online{YCbCr,
	author	= {Wikipedia},
	title	= {YCbCr},
	url	= {https://es.wikipedia.org/wiki/YCbCr},
	language	= {spanish},
}

@online{DjvuSoft,
	author	= {\mondaytwothousand},
	title	= {Creación de libros en formato electrónico a partir de libros en papel (en formato DjVu)},
	year	= {2011},
	url	= {http://djvu-soft.narod.ru/},
	language	= {russian},
}

@online{OCRForum,
	author	= {},
	title	= {OCR Forum},
	year	= {2020},
	url	= {http://publ.lib.ru/cgi/forum/YaBB.pl},
	language	= {russian},
}

@online{DjVuDictionarySize,
	author	= {Cptn\_Cook},
	title	= {17. ¿Por qué no usar un diccionario grande para todo el libro al codificar en \djvu?},
	year	= {2011},
	url	= {http://www.djvu-soft.narod.ru/soft/basic.htm#17},
	language	= {russian},
}

@online{WikipediaRunet,
	author	= {Wikipedia},
	title	= {Runet},
	url	= {https://es.wikipedia.org/wiki/Runet},
	language	= {russian},
}

@online{DIYBookScanner,
	author	= {Daniel Reetz},
	title	= {Comunidad DIY Book Scanner},
	language	= {english},
	url	= {https://www.diybookscanner.org/},
	language	= {english},
}

@online{Libreflip,
	author	= {Ijon Berlin},
	title	= {Libreflip},
	language	= {english},
	url	= {https://libreflip.org/},
	language	= {english},
}

@online{LinearBookScanner,
	author	= {Dany Qumsiyeh},
	title	= {Linear Book Scanner},
	language	= {english},
	url	= {https://linearbookscanner.org/},
	language	= {english},
}

@book{GregorySpringer,
	author	= {B. A. Gregory},
	title	= {An Introduction to Electrical Instrumentation and Measurement Systems},
	edition	= {2},
	publisher	= {Macmillan},
	subtitle	= {A guide to the use, selection, and limitations of electrical instruments and measurement systems},
	year	= {1981},
	isbn	= {978-0-333-29384-3},
	doi	= {10.1007/978-1-349-16482-0},
	language	= {english},
}

@online{LibGen,
	title	= {Library Genesis},
	year	= {2020},
	url	= {http://gen.lib.rus.ec/},
	language	= {english and russian},
}

@online{DjVuTags,
	title	= {DjVu Tags},
	url	= {https://www.sno.phy.queensu.ca/~phil/exiftool/TagNames/DjVu.html},
	language	= {english},
}

@online{FutureofDjVu,
	title	= {The Future of DjVu},
	author	= {James Rile},
	year	= {2004},
	url	= {https://djvufuture.blogspot.com/},
	language	= {english},
}

@book{iso16485,
	author	= {\textsc{iso/iec 16485:2000}},
	title	= {Information technology -- Mixed Raster Content (MRC)},
	editor	= {\textsc{iso/iec jtc 1/sc 29}},
	publisher	= {\textsc{iso}},
	year	= {2000},
	language	= {english},
}

@book{iso32000,
	author	= {\textsc{iso 32000-1:2008}},
	title	= {Document management -- Portable document format -- Part 1: PDF 1.7},
	editor	= {\textsc{iso/tc 171/sc 2}},
	publisher	= {\textsc{iso}},
	year	= {2008},
	url	= {https://www.iso.org/standard/51502.html},
	language	= {english},
}

@book{PDFraster,
	author	= {PDF/raster},
	title	= {Document management applications — Raster Image Transport and Storage},
	publisher	= {PDF Association and TWAIN Working Group},
	year	= {2017},
	url	= {https://www.pdfa.org/resource/pdfraster-1-0/},
	language	= {english},
}

@book{DjVuReference,
	title	= {Celartem/Lizardtech DjVu Reference},
	subtitle	= {DjVu v3},
	publisher	= {Lizardtech},
	year	= {2005},
	url	= {http://djvu.org/docs/DjVu3Spec.djvu},
	language	= {english},
}

@book{didjvu,
	author	= {Jakub Wilk},
	title	= {didjvu},
	year	= {2018},
	url	= {http://jwilk.net/software/didjvu},
	language	= {english},
}

@book{AdobeJavaScriptReference,
	title	= {JavaScript for Acrobat API Reference},
	publisher	= {Adobe},
	year	= {2015},
	url	= {https://wwwimages2.adobe.com/content/dam/acom/en/devnet/acrobat/pdfs/AcrobatDC_js_api_reference.pdf},
	language	= {english},
}

@book{AdobeJavaScriptGuide,
	title	= {Developing Acrobat Applications Using JavaScript},
	publisher	= {Adobe},
	year	= {2015},
	url	= {https://www.adobe.com/content/dam/acom/en/devnet/acrobat/pdfs/AcrobatDC_js_developer_guide.pdf},
	language	= {english},
}

@online{ClearScan,
	author	= {Rick Borstein},
	title	= {Better PDF OCR},
	subtitle	= {ClearScan is smaller, looks better},
	publisher	= {Acrolaw Blog},
	url	= {http://blogs.adobe.com/acrolaw/2009/05/better_pdf_ocr_clearscan_is_smal/},
	language	= {english},
}

@online{DjVuTechnology,
	title	= {DjVu Technology},
	publisher	= {Cuminas},
	url	= {https://www2.cuminas.jp/en/about_djvu},
	language	= {english},
}

@online{LeonBottouPublications,
	author	= {Leon Bottou},
	title	= {DjVu: Scanned Documents on the Web},
	url	= {https://www2.cuminas.jp/en/about_djvu},
	language	= {english},
}

@online{YannLeCunPublications,
	author	= {Yann LeCun},
	title	= {Yann's DjVu Page},
	url	= {http://yann.lecun.com/ex/djvu/index.html},
	language	= {english},
}

@online{FFEP,
	author	= {Biblio.com},
	title	= {FFEP},
	url	= {https://www.biblio.com/book_collecting_terminology/ffep-112.html},
	language	= {english},
}

@online{PDFrasterOverview,
	author	= {Lindsey Schroeder},
	title	= {PDF/raster: An Overview},
	publisher	= {PDF Association},
	year	= {2017},
	url	= {https://www.pdfa.org/pdfraster-an-overview/},
	language	= {english},
}

@online{WikipediaFreeSoftware,
	author	= {Wikipedia},
	title	= {Software Libre},
	url	= {https://es.wikipedia.org/wiki/Software_libre},
	year	= 2020,
}

@article{RashmiBinarization,
	author	= {Rashmi Saini},
	title	= {Document Image Binarization Techniques, Developments and Related Issues: A Review},
	journal = {International Journal of Computer Applications},
	year = {2015},
	volume = {116},
	number = {7},
	pages = {41-44},
	month = {4},
	url	= {https://research.ijcaonline.org/volume116/number7/pxc3902541.pdf},
	doi	= {10.5120/20352-2541},
	language	= {english},
}